% This file was created with JabRef 2.9.2.
% Encoding: UTF-8
@online{dynasm_unofficial,
author = {Peter Cawley},
title = {The Unofficial DynASM Documentation},
url = {http://corsix.github.io/dynasm-doc/index.html},
}

@online{dynasm,
author = {Mike Pall},
title = {DynASM},
url = {http://luajit.org/dynasm.html},
}

@online{realboy,
author = {Realboy Project},
title = {Realboy -- Emulating the Core},
year = {2013},
url = {https://realboyemulator.wordpress.com/2013/01/08/emulating-the-core-1/},
}

@online{pandocs,
author = {Martin Korth},
title = {Pan Docs},
year = {2001},
url = {http://bgb.bircd.org/pandocs.htm},
}

@online{pcsx2_introduction,
author = {cottonvibes},
title = {Introduction to Dynamic Recompilation},
year = {2010},
url = {http://forums.pcsx2.net/Thread-blog-Introduction-to-Dynamic-Recompilation},
}

@online{gameboy_opcodes,
title = {Gameboy OPCODES},
url = {http://pastraiser.com/cpu/gameboy/gameboy_opcodes.html},
}

@online{nes_recompiler,
author = {Andrew Kelley},
title = {Statically Recompiling NES Games into Native Executables with LLVM and Go},
year = {2013},
url = {http://andrewkelley.me/post/jamulator.html},
}

@manual{cpu_manual,
author = {DP},
title = {Game Boy CPU Manual},
version = {1.01},
url = {marc.rawer.de/Gameboy/Docs/GBCPUman.pdf},
}

@online{audio_lib,
author = {Shay Green},
title = {GB\_Snd\_Emu library},
url = {http://blargg.8bitalley.com/libs/audio.html#Gb_Snd_Emu},
}

@online{test_roms,
author = {Shay Green},
title = {Blargg's test ROMs},
url = {http://blargg.8bitalley.com/parodius/gb-tests/},
}

@online{gbdk,
author = {Michael Hope},
title = {GameBoy Developer's Kit},
url = {http://gbdk.sourceforge.net/},
}

@online{dynasmgb,
author = {Thomas Witte},
title = {dynasmgb Repository},
url = {https://mrm-11.e-technik.uni-ulm.de/thomas.witte/dynasmgb},
}

@manual{gb_programming_manual,
author = {Nintendo of America Inc.},
title = {GAME BOY Programming Manual},
version = {1.00},
}